<mx:record xmlns="http://www.w3.org/TR/xhtml1/strict" xmlns:mx="http://www.loc.gov/MARC21/slim" xmlns:xsi="http://www.w3.org/2001/XMLSchema-instance"><mx:leader>00000cz   2200000n  0000</mx:leader><mx:controlfield tag="001">oca06224283 </mx:controlfield><mx:controlfield tag="005">20060301033123.0</mx:controlfield><mx:controlfield tag="008">031208n| acannaabn          |a aaa      </mx:controlfield><mx:datafield ind1=" " ind2=" " tag="010"><mx:subfield code="a">n 2003032893</mx:subfield></mx:datafield><mx:datafield ind1=" " ind2=" " tag="040"><mx:subfield code="a">DLC</mx:subfield><mx:subfield code="b">eng</mx:subfield><mx:subfield code="c">DLC</mx:subfield><mx:subfield code="d">UkOxU</mx:subfield></mx:datafield><mx:datafield ind1="0" ind2=" " tag="100"><mx:subfield code="a">Oppian,</mx:subfield><mx:subfield code="c">of Apamea</mx:subfield></mx:datafield><mx:datafield ind1="0" ind2=" " tag="400"><mx:subfield code="a">Oppian,</mx:subfield><mx:subfield code="c">of Pella</mx:subfield></mx:datafield><mx:datafield ind1="0" ind2=" " tag="400"><mx:subfield code="a">Oppianus,</mx:subfield><mx:subfield code="c">Apamensis</mx:subfield></mx:datafield><mx:datafield ind1="0" ind2=" " tag="400"><mx:subfield code="a">Pseudo-Oppian</mx:subfield></mx:datafield><mx:datafield ind1="0" ind2=" " tag="400"><mx:subfield code="a">Ps.-Oppian</mx:subfield></mx:datafield><mx:datafield ind1=" " ind2=" " tag="670"><mx:subfield code="a">1911 edition encyclopedia Web site, Dec. 8, 2003</mx:subfield><mx:subfield code="b">(Oppian; Oppian of Apamea (or Pella) in Syria; extant poem on hunting (Cynegetica) written after 211)</mx:subfield></mx:datafield><mx:datafield ind1=" " ind2=" " tag="670"><mx:subfield code="a">Oppiani Apamensis Cynegeticorum concordantia, 1997</mx:subfield></mx:datafield><mx:datafield ind1=" " ind2=" " tag="670"><mx:subfield code="a">Kommentar zum ersten Buch von Pseudo-Oppians Kynegetika, 1969:</mx:subfield><mx:subfield code="b">p. 6, etc. (the author of the Kynegetika is known as Pseudo-Oppian, or Oppian of Apamea; here referred to as Ps.-Oppian)</mx:subfield></mx:datafield><mx:datafield ind1=" " ind2=" " tag="999"><mx:subfield code="a">3057</mx:subfield></mx:datafield></mx:record>